@misc{bibtex:treePic,
  title = {ein einfacher binärer Entscheidungsbaum},
  author = {André Flöter},
  howpublished = {\url{https://de.wikipedia.org/w/index.php?title=Datei:Entscheidungsbaum.svg&filetimestamp=20091007152827&}}
}

@book{bibtex:AIPearson,
  author = "Stuart Russell and Peter Norvig",
  title = {Künstliche Intelligenz},
  publisher = "M.I.T. Press",
  year = "2012",
  edition = "3",
  howpublished = {\url{https://www.pearson-studium.de/kunstliche-intelligenz.html}}
}

@misc{bibtex:sigmoidPic,
  title = {Sigmoid Funktion},
  author = {Martin Thoma},
  howpublished = {\url{https://de.wikipedia.org/wiki/Datei:Sigmoid-function-2.svg}}
}

@misc{bibtex:BackpropExpl,
  title = {A Step by Step Backpropagation Example},
  author = {Matt Mazur},
  howpublished = {\url{https://mattmazur.com/2015/03/17/a-step-by-step-backpropagation-example/}},
  note = {Accessed: 2017-02-28}
}

@misc{bibtex:BackpropWarn,
  title = {Yes you should understand backprop},
  author = {Andrej Karpathy},
  howpublished = {\url{https://medium.com/@karpathy/yes-you-should-understand-backprop-e2f06eab496b}},
  note = {Accessed: 2017-02-28}
}

@misc{bibtex:MLintro,
  title = {Machine Learning is Fun!},
  author = {Adam Geitgey},
  howpublished = {\url{https://medium.com/@ageitgey/machine-learning-is-fun-80ea3ec3c471}},
  note = {Accessed: 2017-02-28}
}

@misc{bibtex:CNNintro,
  title = {Conv Nets: A Modular Perspective},
  author = {Christopher Olah},
  howpublished = {\url{http://colah.github.io/posts/2014-07-Conv-Nets-Modular/}},
  note = {Accessed: 2017-02-28}
}

@misc{bibtex:CNNdeep,
  title = {Understanding Convolution in Deep Learning},
  author = {Tim Dettmers},
  howpublished = {\url{http://timdettmers.com/2015/03/26/convolution-deep-learning/}},
  note = {Accessed: 2017-02-28}
}

@misc{bibtex:LSTMintro,
  title = {Understanding LSTM Networks},
  author = {Christopher Olah},
  howpublished = {\url{http://colah.github.io/posts/2015-08-Understanding-LSTMs/}},
  note = {Accessed: 2017-02-28}
}

@misc{bibtex:deeplearningNet,
  title = {Deep Learning … moving beyond shallow machine learning since 2006!},
  author = {Caglar Gulcehre},
  howpublished = {\url{http://deeplearning.net/}},
  note = {Accessed: 2017-02-28}
}

@article{bibtex:EfficientMarket,
  author = "E. F. Fama",
  title = {Efficient Capital Markets: A Review of Theory and Empirical Work},
  year = "1970",
  journal = "The Journal of Finance",
  volume = "25",
  number = "2",
  pages = "383-417",
  howpublished = {\url{http://www.jstor.org/stable/2325486?origin=crossref}}
}

@book{bibtex:RandomWalk,
  author = "P. H. Cootner",
  title = {The random character of stock market prices},
  publisher = "M.I.T. Press",
  year = "1964",
  howpublished = {\url{https://books.google.de/books?id=7XGvQgAACAAJ&redir_esc=y}}
}

@book{bibtex:RandomWalkDown,
  author = "B. G. Malkiel",
  title = {A Random Walk Down Wall Street: The Time-tested Strategy for Successful Investing},
  publisher = "W.W. Norton \& Company, Inc.",
  year = "1973",
  howpublished = {\url{https://books.google.de/books?id=_0LM5sH5FhEC&dq=isbn:0393062457&hl=de&sa=X&ved=0ahUKEwj94IW9_pzSAhVKlxQKHZXYAqsQ6AEIITAA}}
}

@article{bibtex:RWHdisproof,
  author = "A. W. Lo and A. C. MacKinlay",
  title = {Stock Market Prices Do Not Follow Random Walks: Evidence from a Simple Specification Test},
  year = "1988",
  journal = "Rev Financ Stud",
  volume = "1",
  number = "1",
  pages = "41-66",
  howpublished = {\url{https://doi.org/10.1093/rfs/1.1.41}}
}

@article{bibtex:EMHproof,
  author = "E. F. Fama and K. R. French",
  title = {Size, value, and momentum in international stock returns},
  year = "2012",
  journal = "Journal of Financial Economics",
  volume = "105",
  number = "3",
  pages = "457-472",
  howpublished = {\url{http://www.sciencedirect.com/science/article/pii/S0304405X12000931}}
}

@article{bibtex:MarketOverUnderreactions,
  author = "W. S. Chan",
  title = {Stock price reaction to news and no-news: drift and reversal after headlines},
  year = "2003",
  journal = "Journal of Financial Economics",
  volume = "70",
  number = "2",
  pages = "223-260",
  howpublished = {\url{https://doi.org/10.1093/rfs/12.5.975}}
}

@article{bibtex:MarketOverreaction,
  author = "P. Veronesi",
  title = {Stock Market Overreactions to Bad News in Good Times: A Rational Expectations Equilibrium Model},
  year = "1999",
  journal = "Rev Financ Stud",
  volume = "12",
  number = "5",
  pages = "975-1007",
  howpublished = {\url{https://doi.org/10.1093/rfs/12.5.975}}
}

@article{bibtex:SchumakerPrediction,
  author = "R. P. Schumaker and Y. Zhang and C.-N. Huang and H. Chen",
  title = {Evaluating sentiment in financial news articles},
  year = "2012",
  journal = "Decision Support Systems",
  volume = "53",
  number = "3",
  pages = "458-464"
}

@article{bibtex:HagenauPrediction,
  author = "M. Hagenau and M. Liebmann and D. Neumann",
  title = {Automated news reading: Stock price prediction based on financial
news using context-capturing features},
  year = "2012",
  journal = "Decision Support Systems",
  volume = "55",
  number = "3",
  pages = "685-697"
}

@misc{bibtex:CoreI74500,
  title = {Intel® Core™ i7-4500U Processor},
  howpublished = {\url{http://ark.intel.com/de/products/75460/Intel-Core-i7-4500U-Processor-4M-Cache-up-to-3_00-GHz}},
  note = {Accessed: 2017-02-21}
}

@misc{bibtex:CoreI75930,
  title = {Intel® Core™ i7-5930K Processor},
  howpublished = {\url{http://ark.intel.com/products/82931/Intel-Core-i7-5930K-Processor-15M-Cache-up-to-3_70-GHz}},
  note = {Accessed: 2017-02-21}
}

@misc{bibtex:NvidiaTitanX,
  title = {NVIDIA Titan X (Pascal)},
  howpublished = {\url{http://www.nvidia.de/graphics-cards/geforce/pascal/titan-x/#redirected}},
  note = {Accessed: 2017-02-21}
}

@misc{bibtex:Xeon1620,
  title = {Intel® Xeon® Processor E5-1620 v4},
  howpublished = {\url{http://ark.intel.com/products/92991/Intel-Xeon-Processor-E5-1620-v4-10M-Cache-3_50-GHz}},
  note = {Accessed: 2017-02-21}
}

@misc{bibtex:Nvidia1080,
  title = {EVGA GeForce GTX 1080 SC GAMING ACX 3.0},
  howpublished = {\url{http://www.evga.com/Products/Product.aspx?pn=08G-P4-6183-KR}},
  note = {Accessed: 2017-02-21}
}

@misc{bibtex:DJIA,
  title = {Dow Jones Industrial Average},
  howpublished = {\url{http://www.djaverages.com/?go=industrial-overview}},
  note = {Accessed: 2017-02-21}
}

@misc{bibtex:FinanceExpress,
  title = {Financial Express Archive},
  howpublished = {\url{http://www.financialexpress.com/archive/}},
  note = {Accessed: 2017-02-21}
}

@misc{bibtex:Reuters,
  title = {Reuters Site Archive},
  howpublished = {\url{http://www.reuters.com/resources/archive/us/}},
  note = {Accessed: 2017-02-21}
}

@misc{bibtex:djiaCompanies,
  title = {Unternehmen des DJIA},
  howpublished = {\url{https://en.wikipedia.org/wiki/Dow_Jones_Industrial_Average#Components}},
  note = {Accessed: 2017-02-21}
}

@misc{bibtex:YahooFinance,
  title = {Yahoo! Finance},
  howpublished = {\url{https://finance.yahoo.com/}},
  note = {Accessed: 2017-02-21}
}

@misc{bibtex:ScikitLearn,
  title = {scikit-learn - Machine Learning in Python},
  howpublished = {\url{http://scikit-learn.org/stable/}},
  note = {Accessed: 2017-02-21}
}

@misc{bibtex:NLTK,
  title = {Natural Language Toolkit},
  howpublished = {\url{http://www.nltk.org/}},
  note = {Accessed: 2017-02-21}
}

@misc{bibtex:Keras,
  title = {Keras: Deep Learning library for Theano and TensorFlow},
  howpublished = {\url{https://keras.io/}},
  note = {Accessed: 2017-02-21}
}

@misc{bibtex:Tensorflow,
  title = {Tensorflow - An open-source software library for Machine Intelligence},
  howpublished = {\url{https://www.tensorflow.org/}},
  note = {Accessed: 2017-02-21}
}

@misc{bibtex:NorconexCrawler,
  title = {Norconex HTTP Collector},
  howpublished = {\url{https://www.norconex.com/collectors/collector-http/}},
  note = {Accessed: 2017-02-21}
}

@misc{bibtex:PythonNewspaper,
  title = {Python Newspaper3k},
  howpublished = {\url{https://github.com/codelucas/newspaper}},
  note = {Accessed: 2017-02-24}
}

@misc{bibtex:PythonDatareader,
  title = {Python pandas-datareader},
  howpublished = {\url{https://github.com/pydata/pandas-datareader}},
  note = {Accessed: 2017-02-25}
}

@electronic{bibtex:UCInews,
  author = {M. Lichman},
  year = {2013},
  title = {UCI Machine Learning Repository},
  howpublished = {\url{http://archive.ics.uci.edu/mlr}},
  organization = {Irvine, CA: University of California, School of Information and Computer Science},
  note = {Accessed: 2017-02-25}
}

@electronic{bibtex:fastTextGH,
  author = {Grave, Edouard and Bojanowski, Piotr},
  year = {2016},
  title = {Facebookresearch fastText},
  howpublished = {\url{https://github.com/facebookresearch/fastText}},
  organization = {GitHub},
  note = {Accessed: 2017-02-26}
}

@article{bibtex:joulin2016bag,
  title={Bag of Tricks for Efficient Text Classification},
  author={Joulin, Armand and Grave, Edouard and Bojanowski, Piotr and Mikolov, Tomas},
  journal={arXiv preprint arXiv:1607.01759},
  year={2016},
  url = {https://arxiv.org/abs/1607.01759},
  note = {Accessed: 2017-02-26}
}

@electronic{bibtex:KerasIO,
  author = {Chollet, François},
  year = {2016},
  title = {Keras: Deep Learning library for Theano and TensorFlow},
  howpublished = {\url{https://keras.io/}},
  organization = {GitHub},
  note = {Accessed: 2017-02-26}
}

@inproceedings{bibtex:pennington2014glove,
  author = {Jeffrey Pennington and Richard Socher and Christopher D. Manning},
  booktitle = {Empirical Methods in Natural Language Processing (EMNLP)},
  title = {GloVe: Global Vectors for Word Representation},
  year = {2014},
  pages = {1532--1543},
  url = {http://www.aclweb.org/anthology/D14-1162},
}

@misc{bibtex:GloveWebsite,
  title = {GloVe Overview Website},
  howpublished = {\url{http://nlp.stanford.edu/projects/glove/}},
  note = {Accessed: 2017-02-26}
}

@misc{bibtex:NYTimes,
  title = {The New York Times Developer Network},
  howpublished = {\url{http://developer.nytimes.com/}},
  note = {Accessed: 2017-02-26}
}

@misc{bibtex:ReutersPayArchive,
  title = {Reuters News Archive},
  howpublished = {\url{https://agency.reuters.com/en/products-services/products/news-archival-footage.html}},
  note = {Accessed: 2017-02-21}
}

@misc{bibtex:ReutersNewsService,
  title = {Reuters Financial Market News},
  howpublished = {\url{http://financial.thomsonreuters.com/en/products/data-analytics/financial-news-feed/reuters-news.html}},
  note = {Accessed: 2017-02-21}
}

@misc{bibtex:ReutersCompanyNews,
  title = {Symbol-bezogene Nachrichten. Hier Google},
  howpublished = {\url{http://www.reuters.com/finance/stocks/companyNews?symbol=GOOG.O}},
  note = {Accessed: 2017-02-21}
}

@book{bibtex:Gidofalvi,
  author    = {Gidofalvi, G.},
  title     = {Using News Articles to Predict Stock Price Movements},
  publisher   = {Department of Computer Science and Engineering, University of California},
  year      = {2001},
  howpublished = {\url{http://people.kth.se/~gyozo/docs/financial-prediction.pdf}}
}

@article{bibtex:McGowan,
  author    = {McGowan, M.},
  title     = {THE RISE OF COMPUTERIZED HIGH FREQUENCY TRADING: USE AND CONTROVERSY},
  journal   = "DUKE LAW \& TECHNOLOGY REVIEW",
  volume    = {16},
  year      = {2010},
  url       = {http://scholarship.law.duke.edu/cgi/viewcontent.cgi?article=1211&context=dltr},
}

@article{bibtex:Johnson016a,
  author    = {Rie Johnson and
               Tong Zhang},
  title     = {Convolutional Neural Networks for Text Categorization: Shallow Word-level
               vs. Deep Character-level},
  journal   = {CoRR},
  volume    = {abs/1609.00718},
  year      = {2016},
  url       = {http://arxiv.org/abs/1609.00718},
}

@article{bibtex:BNS,
  author = "Forman, G.",
  title = {An extensive empirical study of feature selection metrics for text classification},
  year = "2003",
  journal = "Journal of Machine Learning Research",
  volume = "3",
  pages = "1289-1305",
  howpublished = {\url{http://www.jmlr.org/papers/v3/forman03a.html}}
}

@article{bibtex:TwitterMoodPred,
  author    = {Johan Bollen and
               Huina Mao and
               Xiao{-}Jun Zeng},
  title     = {Twitter mood predicts the stock market},
  journal   = {CoRR},
  volume    = {abs/1010.3003},
  year      = {2010},
  url       = {http://arxiv.org/abs/1010.3003},
}

